% BibTeX用文献データベース
% 作成日: 2025-08-13


@book{fujita2020,
  author    = {藤田太郎},
  title     = {世界のお魚},
  year      = {2020},
  publisher = {あああ社},
  address   = {東京},
  editor    = {山田太朗},
  edition   = {3},
  volume    = {2},
  series    = {文化人類学シリーズ}
}

