% BibTeX用文献データベース
% 作成日: 2024-08-10
@comment{
  このファイルは、BibTeX用の文献データベースのサンプルです。
}

@book{fujita2020,
  author    = {藤田 誠},
  title     = {化学の歩み},
  year      = {2020},
  publisher = {化学同人}
}
